2867 4334
460 389 469 409 ‚
488 349 843 419 praeferuntur.
1036 334 1256 399 celebrari
1271 349 1417 398 soleat
1434 334 1531 407 ,⁵ad
1543 334 1814 417 eiemplun

460 420 627 467 estum
663 415 877 479 Simplex
907 414 992 463 vel
1035 414 1246 482 ejusdem
1284 413 1485 463 Davidis
1555 418 1604 463 ui
1653 418 1816 482 septies

460 500 477 532 t
497 496 746 532 occurrat
772 484 822 529 in
839 480 915 529 die
937 483 988 528 in
1034 485 1086 531 in
1105 482 1182 531 die
1207 480 1394 530 laudem
1436 478 1542 529 dice
1606 496 1628 529 t
1648 486 1821 532 Domi·

460 546 649 598 autum
670 546 810 612 poffit
833 545 892 595 de
929 563 987 594 eo
1037 564 1104 597 no
1119 584 1134 608 ,
1161 546 1180 613 )
1202 550 1252 595 in
1276 548 1451 610 septem
1470 551 1621 595 Horas
1638 546 1821 597 dividi-

461 617 612 663 »ratio
654 648 671 672 ,
734 610 788 660 fit
845 614 988 660 etiam
1037 629 1146 672 tur,
1187 630 1290 679 quae
1321 615 1456 661 sunt:
1506 612 1727 674 Laudes,
1753 612 1816 664 fic

461 680 834 731 ›mmemoratio
853 676 913 725 de
932 695 990 727 eo
1038 679 1174 728 dicta:
1207 680 1237 727 a
1273 678 1463 726 Psalmis
1492 678 1713 730 Laudum
1732 681 1817 746 qui

461 767 465 791 ;
501 743 822 811 praecedentis
855 742 951 791 diei
972 778 988 802 ‚
1039 745 1128 793 hac
1139 743 1258 793 horai
1271 750 1374 792 Deo
1390 758 1674 803 cantantur,
1694 746 1818 795 olim

461 826 636 860 :antur
677 808 742 858 de
776 812 906 857 Feria
926 828 939 857 ε
958 807 991 856 fi
1039 813 1294 860 Matutinae
1314 843 1329 867 ,
1364 807 1496 874 qubd
1542 809 1681 858 mane
1715 827 1821 875 pet·

461 878 518 926 [ie
537 880 710 942 inquo
723 874 847 923 nihil
925 874 993 923 ffit
1042 878 1329 926 solverentur
1351 909 1368 933 ,
1403 874 1685 938 appellarat
1724 879 1822 922 Pri-

472 978 491 1003 ,
512 944 653 991 nihil
677 944 823 990 etiarn
843 892 924 990 gg
942 943 992 989 in
1040 959 1120 991 ma
1141 978 1157 1001 ‚
1189 957 1293 1008 quae
1325 954 1432 988 otto
1460 940 1557 988 sole
1576 954 1686 988 ante
1704 937 1828 989 Offi-

463 1006 827 1058 raecedentibus.
1039 1012 1167 1057 cium
1205 1006 1419 1071 Capituli
1443 1024 1455 1053 ε
1481 1008 1645 1054 Tertia
1661 1040 1678 1065 ,
1714 1021 1821 1072 quae

461 1091 524 1123 ,ω
576 1073 768 1122 Festum
817 1073 995 1121 habens
1041 1078 1158 1123 inter
1203 1085 1368 1121 ortum
1410 1070 1522 1120 solis
1577 1076 1628 1120 8(
1682 1074 1826 1120 meri·

500 1137 786 1189 transfertur
826 1173 842 1197 ‚
891 1152 992 1186 non
1042 1140 1170 1189 diem
1208 1157 1222 1186 ε
1257 1142 1394 1186 Sexta
1411 1172 1427 1195 ‚
1471 1152 1577 1203 quae
1622 1136 1826 1187 meridie

461 1221 630 1320 {0⁶5¹}ss
648 1202 992 1326 ‘2333355‘3
1041 1221 1160 1321 {²322
1193 1202 1456 1318 ⁹:333ss
1472 1239 1486 1251 ‘
1504 1206 1687 1318 {⁰22⁹
1738 1219 1827 1323 ἐξ

461 1338 535 1386 rbi
551 1335 706 1400 gratia
725 1371 742 1395 ,
767 1334 801 1384 fi
836 1334 995 1401 aliquo
1045 1338 1184 1387 solist
1213 1341 1429 1400 Vespetae
1450 1370 1467 1394 ,
1487 1351 1590 1400 quae
1600 1334 1827 1385 occiden-

462 1418 556 1451 um
589 1401 898 1450 celebraretur
938 1417 997 1449 eo
1046 1419 1090 1452 te
1139 1400 1235 1450 sole
1253 1435 1271 1461 ,
1305 1398 1397 1449 five
1421 1399 1826 1464 advesperascente

461 1466 478 1517 ἱ
506 1483 615 1517 non
628 1465 959 1517 transferretur
979 1500 996 1525 ‚
1045 1468 1121 1517 die
1146 1504 1162 1527 ‚
1203 1481 1314 1515 ante
1337 1470 1544 1516 Coenam
1564 1484 1578 1513 ε
1598 1468 1827 1533 Comple-

470 1532 573 1584 dies
594 1534 723 1582 sexta
739 1568 757 1594 ,
781 1531 1000 1597 postridie
1048 1537 1229 1584 toriurn
1263 1531 1465 1598 denique
1479 1567 1496 1591 ‚
1522 1531 1655 1597 quod
1692 1550 1830 1583 com·

461 1601 514 1648 je
532 1599 734 1664 septima
759 1615 776 1656 3
797 1600 1000 1664 sequenti
1050 1602 1176 1666 pleto
1215 1597 1294 1646 die
1315 1634 1331 1657 ‚
1355 1613 1466 1647 ante
1488 1600 1703 1647 cubitum
1722 1605 1830 1649 Deo

466 1700 483 1725 ,
519 1663 583 1713 de
613 1664 690 1714 die
709 1664 942 1713 -Offlvaz
968 1662 1000 1711 fi
1049 1665 1363 1731 persolvitut3
1396 1662 1544 1728 sicque
1579 1680 1724 1712 omne
1739 1663 1834 1713 Of·

462 1732 684 1779 :bratetut
724 1730 829 1794 post
873 1728 1002 1777 diem
1050 1731 1214 1781 ficium
1237 1731 1615 1778 consummatur.

461 1794 631 1845 incidit
673 1799 857 1845 Ostava
886 1830 902 1854 ,
943 1811 1003 1843 eo
1121 1813 1165 1855 3.
1193 1801 1265 1844 De
1298 1797 1373 1843 his
1401 1796 1511 1844 octo
1532 1790 1838 1859 Horisfingil·

462 1861 558 1910 lam
579 1862 769 1910 haberet
784 1863 979 1910 Οᾶανᾶ.
1054 1860 1194 1911 latim
1215 1859 1475 1924 agendum.

479 1927 658 1978 Diebus
670 1943 793 1976 mtra
807 1930 1009 1977 oaavas
1233 1931 1280 1975 C
1314 1942 1346 1975 Α
1382 1944 1408 1976 ι»
1444 1943 1478 1978 υ
1513 1946 1546 1977 τ
1603 1935 1645 1979 1.

462 2007 639 2041 »rantur
668 1996 719 2041 in
742 1991 972 2043 Adventu
994 2026 1010 2050 ‚
1176 1993 1257 2041 De
1275 1990 1450 2055 Officio
1470 1996 1725 2045 Νοᾶῐιτηο.

462 2058 857 2123 Ttsupra,Cap.de
872 2057 1013 2109 oaa-
1069 2071 1111 2103 ι.
1153 2054 1208 2123 Λ
1244 2063 1288 2105 D
1313 2055 1539 2107 Officium
1560 2059 1843 2110 Noaishaee
